@misc{tlur640,
    author = "Vishay Semiconductors",
    title = "Universal LED in Ã˜ 5 mm Tinted Diffused Package",
    howpublished = "\url{https://www.vishay.com/docs/83171/tlur640.pdf}",
    year = "2013",
    note = "[Online; accessed 11-Sept-2022]"
}